[gd_scene load_steps=13 format=2]

[ext_resource path="res://pallets/Pallet.gd" type="Script" id=1]
[ext_resource path="res://pallets/dream.png" type="Texture" id=2]
[ext_resource path="res://pallets/fortune.png" type="Texture" id=3]
[ext_resource path="res://pallets/growth2.png" type="Texture" id=4]
[ext_resource path="res://pallets/fish.png" type="Texture" id=5]
[ext_resource path="res://pallets/one.png" type="Texture" id=6]
[ext_resource path="res://pallets/lofi.png" type="Texture" id=7]
[ext_resource path="res://pallets/commodor64.png" type="Texture" id=8]
[ext_resource path="res://pallets/goodVibes.png" type="Texture" id=9]
[ext_resource path="res://pallets/trash.png" type="Texture" id=10]
[ext_resource path="res://pallets/ZXSpectrum.png" type="Texture" id=11]

[sub_resource type="GDScript" id=1]
script/source = "extends Node

signal update_collection

var all :=[]
var named :={}


func _ready():
	reset_collection()

func add(pallet:Pallet):
	add_child(pallet,true)
	move_child(pallet,0)
	reset_collection()



func reset_collection():
	all = get_children()
	for i in all:
		named[i.name]=i
	emit_signal(\"update_collection\",self)
"

[node name="Pallets" type="Node"]
script = SubResource( 1 )

[node name="None" type="Node" parent="."]
script = ExtResource( 1 )

[node name="Dream" type="Node" parent="."]
script = ExtResource( 1 )
image = ExtResource( 2 )
colorCount = 5

[node name="Commodor64" type="Node" parent="."]
script = ExtResource( 1 )
image = ExtResource( 8 )
colorCount = 16

[node name="Fish" type="Node" parent="."]
script = ExtResource( 1 )
image = ExtResource( 5 )
colorCount = 5

[node name="Fortune" type="Node" parent="."]
script = ExtResource( 1 )
image = ExtResource( 3 )
colorCount = 4

[node name="GoodVibes" type="Node" parent="."]
script = ExtResource( 1 )
image = ExtResource( 9 )
colorCount = 5

[node name="Growth" type="Node" parent="."]
script = ExtResource( 1 )
image = ExtResource( 4 )
colorCount = 16

[node name="LoFi" type="Node" parent="."]
script = ExtResource( 1 )
image = ExtResource( 7 )
colorCount = 8

[node name="One" type="Node" parent="."]
script = ExtResource( 1 )
image = ExtResource( 6 )
colorCount = 2

[node name="Trash" type="Node" parent="."]
script = ExtResource( 1 )
image = ExtResource( 10 )
colorCount = 10

[node name="ZXSpectrum" type="Node" parent="."]
script = ExtResource( 1 )
image = ExtResource( 11 )
colorCount = 16
