[gd_scene load_steps=7 format=2]

[ext_resource path="res://elements/HTML5Webcam.gd" type="Script" id=1]

[sub_resource type="GDScript" id=6]
script/source = "extends MarginContainer

export var texture:ImageTexture

func _ready():
	if OS.get_name() != \"HTML5\":
		queue_free()


signal makeVisible(texture)
func _on_OnOff_toggled(button_pressed):
	$Webcam_HTML5.activate = button_pressed
	$HBoxContainer/TextureRect.visible = button_pressed
	if button_pressed:
		if $Webcam_HTML5.update == Webcam_HTML5.UPDATE.NEVER:
			$Webcam_HTML5.update = Webcam_HTML5.UPDATE.ONCE
		emit_signal(\"makeVisible\",$Webcam_HTML5.texture)
	else:
		emit_signal(\"makeVisible\",null)
		

func _on_Live_toggled(button_pressed):
	if button_pressed:
		$Webcam_HTML5.update = Webcam_HTML5.UPDATE.EVERY_FRAME
	else:
		$Webcam_HTML5.update = Webcam_HTML5.UPDATE.NEVER

signal stretch(stretch)
func _on_fit_toggled(button_pressed):
	var p
	if button_pressed:
		p=TextureRect.STRETCH_KEEP_ASPECT_COVERED
	else:
		p=TextureRect.STRETCH_KEEP_ASPECT_CENTERED
	$HBoxContainer/TextureRect.stretch_mode = p
	emit_signal(\"stretch\",p)



func _on_format_format(string):
	match string:
		\"jpeg\":
			$Webcam_HTML5.format = Webcam_HTML5.FORMAT.JPEG
		\"png\":
			$Webcam_HTML5.format = Webcam_HTML5.FORMAT.PNG
		_:
			assert(false,\"_on_format_format: BAD FORMAT\")


func _on_jpegSldier_value_changed(value):
	$Webcam_HTML5.jpeg_quality = value


func _on_SpinBox_value_changed(value):
	$Webcam_HTML5.height = value


signal flip(trueFalse)
func _on_Flip_toggled(button_pressed):
	$HBoxContainer/TextureRect.flip_h = button_pressed
	emit_signal(\"flip\",button_pressed)
"

[sub_resource type="ImageTexture" id=7]

[sub_resource type="GDScript" id=8]
script/source = "extends OptionButton

func _ready():
	emit_signal(\"format\",get_item_text(selected))
	
signal format(string)
func _on_format_item_selected(index):
	emit_signal(\"format\",get_item_text(index))
"

[sub_resource type="GDScript" id=9]
script/source = "extends HSlider

func _ready():
	emit_signal(\"value_changed\",value)
"

[sub_resource type="GDScript" id=10]
script/source = "extends SpinBox

func _ready():
	emit_signal(\"value_changed\",value)
"

[node name="Webcam" type="MarginContainer"]
anchor_right = 1.0
anchor_bottom = 1.0
size_flags_horizontal = 3
size_flags_vertical = 3
script = SubResource( 6 )
__meta__ = {
"_edit_use_anchors_": false
}
texture = SubResource( 7 )

[node name="Webcam_HTML5" type="Node" parent="."]
script = ExtResource( 1 )
texture = SubResource( 7 )
format = 1
update = 2

[node name="HBoxContainer" type="HBoxContainer" parent="."]
margin_right = 1280.0
margin_bottom = 720.0

[node name="PanelContainer" type="PanelContainer" parent="HBoxContainer"]
margin_right = 213.143
margin_bottom = 202.0
size_flags_vertical = 0

[node name="VBoxContainer" type="VBoxContainer" parent="HBoxContainer/PanelContainer"]
margin_left = 7.0
margin_top = 7.0
margin_right = 206.143
margin_bottom = 195.0
rect_min_size = Vector2( 199.143, 0 )
size_flags_vertical = 4

[node name="OnOff" type="CheckBox" parent="HBoxContainer/PanelContainer/VBoxContainer"]
margin_right = 199.0
margin_bottom = 24.0
text = "On/Off"

[node name="Live" type="CheckBox" parent="HBoxContainer/PanelContainer/VBoxContainer"]
margin_top = 28.0
margin_right = 199.0
margin_bottom = 52.0
text = "Live"

[node name="Flip" type="CheckBox" parent="HBoxContainer/PanelContainer/VBoxContainer"]
margin_top = 56.0
margin_right = 199.0
margin_bottom = 80.0
pressed = true
text = "Flip"

[node name="Fit" type="CheckBox" parent="HBoxContainer/PanelContainer/VBoxContainer"]
margin_top = 84.0
margin_right = 199.0
margin_bottom = 108.0
text = "Fit"

[node name="HSeparator" type="HSeparator" parent="HBoxContainer/PanelContainer/VBoxContainer"]
margin_top = 112.0
margin_right = 199.0
margin_bottom = 116.0

[node name="format" type="OptionButton" parent="HBoxContainer/PanelContainer/VBoxContainer"]
margin_top = 120.0
margin_right = 199.0
margin_bottom = 140.0
text = "png"
items = [ "png", null, false, 0, null, "jpeg", null, false, 1, null ]
selected = 0
script = SubResource( 8 )
__meta__ = {
"_edit_use_anchors_": false
}

[node name="jpegQuality" type="HBoxContainer" parent="HBoxContainer/PanelContainer/VBoxContainer"]
margin_top = 144.0
margin_right = 199.0
margin_bottom = 160.0

[node name="jpegSldier" type="HSlider" parent="HBoxContainer/PanelContainer/VBoxContainer/jpegQuality"]
margin_right = 117.0
margin_bottom = 16.0
size_flags_horizontal = 3
max_value = 1.0
step = 0.01
value = 0.75
script = SubResource( 9 )

[node name="jpegLabel" type="Label" parent="HBoxContainer/PanelContainer/VBoxContainer/jpegQuality"]
margin_left = 121.0
margin_top = 1.0
margin_right = 199.0
margin_bottom = 15.0
text = "JPEG Quality"
align = 2

[node name="Resolution" type="HBoxContainer" parent="HBoxContainer/PanelContainer/VBoxContainer"]
margin_top = 164.0
margin_right = 199.0
margin_bottom = 188.0

[node name="SpinBox" type="SpinBox" parent="HBoxContainer/PanelContainer/VBoxContainer/Resolution"]
margin_right = 74.0
margin_bottom = 24.0
min_value = 1.0
max_value = 1080.0
value = 240.0
script = SubResource( 10 )

[node name="jpegLabel2" type="Label" parent="HBoxContainer/PanelContainer/VBoxContainer/Resolution"]
margin_left = 113.0
margin_top = 5.0
margin_right = 199.0
margin_bottom = 19.0
size_flags_horizontal = 10
text = "Image Height"
align = 2

[node name="TextureRect" type="TextureRect" parent="HBoxContainer"]
margin_left = 217.0
margin_right = 1280.0
margin_bottom = 720.0
size_flags_horizontal = 3
size_flags_vertical = 3
texture = SubResource( 7 )
stretch_mode = 6

[connection signal="toggled" from="HBoxContainer/PanelContainer/VBoxContainer/OnOff" to="." method="_on_OnOff_toggled"]
[connection signal="toggled" from="HBoxContainer/PanelContainer/VBoxContainer/Live" to="." method="_on_Live_toggled"]
[connection signal="toggled" from="HBoxContainer/PanelContainer/VBoxContainer/Flip" to="." method="_on_Flip_toggled"]
[connection signal="toggled" from="HBoxContainer/PanelContainer/VBoxContainer/Fit" to="." method="_on_fit_toggled"]
[connection signal="format" from="HBoxContainer/PanelContainer/VBoxContainer/format" to="." method="_on_format_format"]
[connection signal="item_selected" from="HBoxContainer/PanelContainer/VBoxContainer/format" to="HBoxContainer/PanelContainer/VBoxContainer/format" method="_on_format_item_selected"]
[connection signal="value_changed" from="HBoxContainer/PanelContainer/VBoxContainer/jpegQuality/jpegSldier" to="." method="_on_jpegSldier_value_changed"]
[connection signal="value_changed" from="HBoxContainer/PanelContainer/VBoxContainer/Resolution/SpinBox" to="." method="_on_SpinBox_value_changed"]
